@misc{swingDoc,
  key = {swing},
  title = {Swing},
  note = {\url{https://docs.oracle.com/javase/tutorial/uiswing/index.html}}
}
@misc{tkinterDoc,
  key = {tkinter},
  title = {Openclassrooms: Des interfaces graphiques avec Tkinter},
  note = {\url{https://openclassrooms.com/fr/courses/235344-apprenez-a-programmer-en-python/234859-des-interfaces-graphiques-avec-tkinter}}
}
