@misc{AndroidDOc,
  key = {androiddoc},
  title = {Android Developers},
  note = {\url{https://developer.android.com/docs}}
}
@misc{Appledoc,
  key = {Appledoc},
  title = {Apple Developer Documentation},
  note = {\url{https://developer.apple.com/documentation}}
}

@misc{swiftdoc,
  key = {swift},
  title = {Swift.org - Documentation},
  note = {\url{https://swift.org/documentation}}
}

@misc{roundButtonAndroid,
key= {roundButtonAndroid},
title = {How to make a round/circle Button in Android},
note = {\url{https://android--code.blogspot.com/2015/01/android-round-button.html}}
}

@misc{roundButtonIOS,
key= {roundButtonIOS},
title = {How To Set Corner Radius for UIButtons Using Swift},
note = {\url{https://peterwitham.com/swift-archives/how-to-set-corner-radius-for-buttons-using-swift}}
}

@misc{addsubViewIOS,
key= {addsubViewIOS},
title = {addSubview - UIView | Apple Developer Documentation},
note = {\url{https://developer.apple.com/documentation/uikit/uiview/1622616-addsubview}}
}

@misc{tableLayoutAndroid,
key= {tablelayoutandroid},
title = {TableLayout | Android Developers},
note = {\url{https://developer.android.com/reference/android/widget/TableLayout}}
}

@misc{tableLayoutAndroidprog,
key= {tablelayoutandroidprog},
title = {Create Android TableLayout programatically},
note = {\url{http://puneetaggarwal.in/android/android-tablelayout-programatically}}
}


@misc{Intentandroid,
key= {intentandroid},
title = {Start another activity | Android Developers},
note = {\url{https://developer.android.com/training/basics/firstapp/starting-activity}}
}



@misc{UIButton,
key= {uibutton},
title = {UIButton - UIKit | Apple Developer Documentation},
note = {\url{https://developer.apple.com/documentation/uikit/uibutton}}
}

@misc{shapeAndroid,
key= {shapeAndroid},
title = {How to change color of drawable shapes in android - Stack Overflow},
note = {\url{https://stackoverflow.com/questions/15127351/how-to-change-color-of-drawable-shapes-in-android}}
}

@misc{SegueViewController,
key= {segueview},
title = {Pass Data Between View Controllers In Swift - LearnAppMaking.com},
note = {\url{https://learnappmaking.com/pass-data-between-view-controllers-swift-how-to/}}
}

@misc{chronometerAndroid,
key= {chronometer},
title = {Chronometer | Android Developers},
note = {\url{https://developer.android.com/reference/android/widget/Chronometer/}}
}


@misc{UITableview,
key= {uiTableView},
title = {UITableView - UIKit | Apple Developer Documentation},
note = {\url{https://developer.apple.com/documentation/uikit/uitableview}}
}

@misc{LIstView,
key= {uiTableView},
title = {Android List View - Tutorialspoint},
note = {\url{https://www.tutorialspoint.com/android/android_list_view.html}}
}


@misc{database,
key= {databse},
title = {Save data using SQLite},
note = {\url{https://developer.android.com/training/data-storage/sqlite}}
}






